@MISC{iRobot2014,
  author     = {{iRobots}},
  year       = {2015},
  howpublished = {Online},
  title      = {{iRobot Roomba Vacuum Cleaning Robot}},
  note       = {\url{http://www.irobot.com/us/learn/home/roomba.aspx} - Acessado em 10/08/2015},
}

@MISC{Autosar2014,
  author     = {{AUTOSAR}},
  year       = {2015},
  howpublished = {Online},
  title      = {{AUTomotive Open System ARchitecture (AUTOSAR)}},
  note       = {\url{http://www.autosar.org/} - Acessado em 10/08/2015},
}

@ARTICLE{Beard06DCAS, 
  author     = {Beard, R.W. and McLain, T.W. and Nelson, D.B. and Kingston, D. and Johanson, D.}, 
  journal    = {Proceedings of the IEEE}, 
  title      = {Decentralized Cooperative Aerial Surveillance Using Fixed-Wing Miniature {UAVs}}, 
  year       = {2006},  
  volume     = {94}, 
  number     = {7}, 
  pages      = {1306-1324}, 
}

@INPROCEEDINGS{Shiomi06IHR,
  author     = {Shiomi, Masahiro and Kanda, Takayuki and Ishiguro, Hiroshi and Hagita, Norihiro},
  title      = {Interactive Humanoid Robots for a Science Museum},
  booktitle  = {HRI'06},
  year       = {2006},
  address    = {Salt Lake City, Utah, USA},
  pages      = {305--312},
} 

@ARTICLE{Costagliola08BACM,
  author     = {Costagliola, Gennaro and Ferrucci, Filomena and Fuccella, Vittorio},
  title      = {Boosting the Adoption of Computer Managed Instruction Functionalities in e-Learning Systems},
  journal    = {Journal of Web Engineering},
  volume     = {7},
  number     = {1},
  year       = {2008},
  pages      = {42--69},
 } 

 @ARTICLE{Pineau03RANH,
  author   = {Pineau, J. and Montemerlo, M. and Pollack, M. and Roy, N. and Thrun, S.},
  title    = {Towards robotic assistants in nursing homes: Challenges and results},
  journal  = {Robotics and Autonomous Systems},
  year     = {2003},
  volume   = {42},
  number   = {3-4},
  pages    = {271-281},
}

@INPROCEEDINGS{Braga12ICFM,
  author     = {Braga, Rosana T. V. and Trindade, Jr., Onofre and Branco, Kalinka R. L. J. Castelo and Lee, Jaejoon},
  title      = {Incorporating Certification in Feature Modelling of an Unmanned Aerial Vehicle Product Line},
  booktitle  = {SPLC'12},
  year       = {2012},
  address    = {Salvador, SP},
  pages      = {249--258},
} 


@INPROCEEDINGS{Wilber07SoSCA,
  author     = {Wilber, F. R.},
  booktitle  = {In: Keynote presentation, IEEE System of Systems Engineering Conference (SoSE'07)},
  title      = {A system of systems approach to e-enabling the commercial airline applications from an airframer’s perspective},
  year       = {2007},
}

@ARTICLE{Iborra09DSR, 
   author   = {Iborra, A. and Caceres, D. and Ortiz, F. and Franco, J. and Palma, P. and Alvarez, B.}, 
   journal  = {IEEE Robotics \& Automation Magazine}, 
   title    = {Design of service robots}, 
   year     = {2009}, 
   volume   = {16}, 
   number   = {1}, 
   pages    = {24-33}, 
}


@BOOK{Miles94,
  author     = {M. B. Miles and M. Huberman},
  title      = {Qualitative Data Analysis: An Expanded Sourcebook.},
  year       = {1994},
  edition    = {2},
  publisher  = {Sage Publications},
  address    = {Netherlands},
}

@misc{SOARA2014,
  author       = {{The Open Group}},
  title        = {{Service Oriented Reference Architecture (SOA-RA})},
  howpublished = {\url{http://www.opengroup.org/soa/source-book/soa_refarch/}},
  note         = {Acessado em 10/08/2015}
}

@MISC{BRICS,
  author     = {BRICS},
  note       = {\url{http://www.best-of-robotics.org/} - Acessado em 10/08/2015},
  title      = {Best Practice in Robotics},
}

@INPROCEEDINGS{Schlegel10DAPR,
  year       = {2010},
  booktitle  = {SIMPAR'10},
  address    = {Darmstadt, Germany},
  title      = {Design Abstraction and Processes in Robotics: From Code-Driven to Model-Driven Engineering},
  author     = {Schlegel, Christian and Steck, Andreas and Brugali, Davide and Knoll, Alois},
  pages      = {324-335}
}

@INPROCEEDINGS{Petersen08SMSE,
  author     = {Petersen, Kai and Feldt, Robert and Mujtaba, Shahid and Mattsson, Michael},
  title      = {Systematic Mapping Studies in Software Engineering},
  booktitle  = {EASE'08},
  year       = {2008},
  address    = {Bari, Italy},
  pages      = {68--77},
  numpages   = {10},
} 

@TECHREPORT{Kitchenham04PPSR,
  author      = {Barbara Kitchenham},
  title       = {Procedures for Performing Systematic Reviews},
  institution = {Software Engineering Group, Department of Computer Science Keele University, United King and
                 Empirical Software Engineering, National ICT Australia Ltd},
  year        = {2004},
  number      = {TR/SE-0401},
  type        = {Tech. Report},
  month       = {Jul},
  address     = {Australia}
}

@ARTICLE{Brugali2009CBRE, 
  author    = {Brugali, D. and Scandurra, P.}, 
  journal   = {IEEE Robotics \& Automation Magazine}, 
  title     = {{Component-based robotic engineering (Part I)}}, 
  year      = {2009}, 
  volume    = {16}, 
  number    = {4}, 
  pages     = {84-96}, 
}

@INPROCEEDINGS{Lee2003,
  author    = {Ka Keung Lee and Ping Zhang and Yangsheng Xu},
  title     = {A service-based network architecture for wearable robots},
  booktitle = {ICRA'03},
  year      = {2003},
  pages     = {1671-1676},
  address   = {Taipei, Taiwan},

}

@INPROCEEDINGS{Ha2005,
  author    = {Young-Guk Ha and Joo-Chan Sohn and Young-Jo Cho},
  title     = {Service-oriented integration of networked robots with ubiquitous sensors and devices using the semantic Web services technology},
  booktitle = {IROS'05},
  year      = {2005},
  pages     = {3947-3952},
  address   = {Alberta, Canada},
}

@INPROCEEDINGS{Cesetti2010,
  author    = {Andrea Cesetti and Clovis Peruchi Scotti and Gianluca Di Buo and Sauro Longhi},
  title     = {A Service Oriented Architecture supporting an autonomous mobile robot for industrial applications},
  booktitle = {MED'10},
  year      = {2010},
  pages     = {604-609},
  address   = {Marrakech, Morocco}
}

@INPROCEEDINGS{Cepeda2010,
  author    = {Jes\'{u}s S. Cepeda and Luiz Chaimowicz and Rogelio Soto},
  title     = {Exploring {M}icrosoft {R}obotics {S}tudio as a Mechanism for Service-Oriented Robotics},
  booktitle = {LARS'10},
  year      = {2010},
  pages     = {7-12},
  address   = {São Bernardo do Campo, SP}
}

@ARTICLE{Waibel11RE, 
  author   = {{M. Waibel et al.}},
  journal  = {IEEE Robotics \& Automation Magazine}, 
  title    = {RoboEarth}, 
  year     = {2011}, 
  volume   = {18}, 
  number   = {2}, 
  pages    = {69-82}, 
}


@INPROCEEDINGS{Anis14SOAR,
  author    = {Koubaa, Anis},
  title     = {A Service-Oriented Architecture for Virtualizing Robots in Robot-as-a-Service Clouds},
  booktitle = {ARCS'14},
  year      = {2014},
  pages     = {197-209},
  address   = {Lübeck, Germany}
}

 @INPROCEEDINGS{Feitosa12RAMRS,
  author    = {Feitosa, D. and Nakagawa, E. Y.},
  title     = {An Investigation into Reference Architectures for Mobile Robotic Systems},
  booktitle = {ICSEA'12},
  year      = {2012},
  pages     = {465-471},
  address   = {Lisbon, Portugal}
} 

@MISC{NASA14,
  author     = {{NASA}},
  year       = {2015},
  howpublished = {Online},
  title      = {{Mars Curiosity Rover}},
  note       = {\url{http://www.jpl.nasa.gov/msl/} - Acessado em 10/08/2015},
}

@BOOK{Dudek10Book,
  title      = {Computational Principles of Mobile Robotics},
  publisher  = {Cambridge University Press},
  year       = {2010},
  author     = {Gregory Dudek and Michael Jenkin},
  address    = {New York, USA},
  edition    = {2} 
}

@BOOK{Wolf09RISA,
 author     = {Wolf, D. F. and Osório, F. S. and Simões, E. and Trindade Jr., O.},
 title      = {Robótica Inteligente: Da Simulação às Aplicações no Mundo Real},
 series     = {JAI: Jornada de Atualização em Informática da SBC},
 address    = {Rio de Janeiro, RJ},
 year       = {2009}
}

@INPROCEEDINGS{Galster08Metrics, 
  author     = {Galster, M. and Eberlein, A. and Moussavi, M.}, 
  booktitle  = {RCIS'08}, 
  title      = {Early assessment of software architecture qualities}, 
  year       = {2008},
  month      = {Jun}, 
  address    = {Marrakech, Morocco},
  pages      = {81-86}, 
}

@INPROCEEDINGS{Oliveira10ECSA,
  author    = {Lucas Bueno Ruas Oliveira and Katia Romero Felizardo and Daniel Feitosa and Elisa Yumi Nakagawa},
  title     = {Reference Models and Reference Architectures Based on Service-Oriented Architecture: A Systematic Review},
  booktitle = {ECSA'10},
  year      = {2010},
  pages     = {360-367},
  address   = {Copenhague, Denmark},
}

@phdthesis{OliveiraPhD,
  author    = {Lucas Bueno Ruas Oliveira},
  title     = {Architectural design of service-oriented robotic systems},
  year      = {2015},
  address   = {S\~{a}o Carlos, Brazil/Vannes, France},
  school    = {University of S\~{a}o Paulo (USP)/Universit\'{e} de Bretagne-Sud (UBS)},
} 

﻿@INBOOK{Dagli06SoSA,
  title      = {System of Systems Architecting},
  author     = {Dagli, Cihan H. and Kilicay-Ergin, Nil},
  publisher  = {John Wiley \& Sons},
  pages      = {77--100},
  booktitle  = {System of Systems Engineering},
  year       = {2008},
}

﻿@ARTICLE{Maier98APSoS,
  author     = {Maier, Mark W.},
  title      = {Architecting principles for systems-of-systems},
  journal    = {Systems Engineering},
  volume     = {1},
  number     = {4},
  publisher  = {John Wiley \& Sons},
  pages      = {267--284},
  year       = {1998},
}

@ARTICLE{Memon2014,
  author     = {Memon, Mukhtiar and Wagner, Stefan Rahr and Pedersen, Christian Fischer and Beevi, Femina Hassan Aysha and Hansen, Finn Overgaard},
  journal    = {Sensors},
  year       = {2014},
  number     = {3},
  pages      = {4312--4341},
  title      = {Ambient assisted living healthcare frameworks, platforms, standards, and quality attributes},
  volume     = {14},
}

@ARTICLE{Farcas10AICA, 
  author     = {Farcas, C. and Farcas, E. and Krueger, I.H. and Menarini, M.}, 
  journal    = {Proceedings of the IEEE}, 
  title      = {Addressing the Integration Challenge for Avionics and Automotive Systems -- From Components to Rich Services}, 
  year       = {2010}, 
  volume     = {98}, 
  number     = {4}, 
  pages      = {562-583}, 
}

@BOOK{Jamshidi08SoSE,
  title      = {System of Systems Engineering: Innovations for the Twenty-First Century},
  author     = {M. Jamshidi},
  publisher  = {John Wiley \& Sons},
  year       = {2008},
  address    = {New York},
}

@ARTICLE{Thrun04AEAM, 
  author     = {{S. Thrun et al.}}, 
  journal    = {IEEE Robotics \& Automation Magazine}, 
  title      = {Autonomous exploration and mapping of abandoned mines}, 
  year       = {2004}, 
  volume     = {11}, 
  number     = {4}, 
  pages      = {79-91}, 
}

@INPROCEEDINGS{Nakagawa13SAFP,
  author     = {Nakagawa, Elisa Y. and Gon\c{c}alves, Marcelo and Guessi, Milena and Oliveira, Lucas B. R. and Oquendo, Flavio},
  title      = {The State of the Art and Future Perspectives in Systems of Systems Software Architectures},
  booktitle  = {SESoS'13},
  year       = {2013},
  address    = {Montpellier, France},
  pages      = {13--20},
} 
 
@INPROCEEDINGS{Nakagawa2012RAModel,
  author    = {E. Y. Nakagawa and F. Oquendo},
  title     = {{RAModel: A Reference Model for Reference Architectures}},
  booktitle = {ECSA/WICSA'12},
  year      = {2012},
  address   = {Helsinki, Finland},
  pages     = {297-301}
}

@INPROCEEDINGS{Nakagawa2014ProSA,
  author    = {E. Y. Nakagawa and M. Guessi and D. Feitosa and J. C. Maldonado},
  title     = {Consolidating a Process for the Design, Representation, and Evaluation of Reference Architectures},
  booktitle = {WICSA'14},
  year      = {2014},
  address   = {Sydney, Australia},
  pages     = {1-10}
}

@ARTICLE{Nakagawa2011RefASSET,
  author    = {Elisa Y. Nakagawa and Fabiano C. Ferrari and Mariela M.F. Sasaki and José C. Maldonado},
  title     = {An aspect-oriented reference architecture for Software Engineering Environments},
  journal   = {Journal of Systems and Software},
  volume    = {84},
  number    = {10},
  pages     = {1670 - 1684},
  year      = {2011},

}

@INPROCEEDINGS{Nakagawa12KFRA,
  author     = {Nakagawa, Elisa Yumi and Becker, Martin and Maldonado, Jos{\'e} Carlos},
  title      = {A Knowledge-based Framework for Reference Architectures},
  booktitle  = {ACM/SAC'12},
  year       = {2012},
  address    = {Trento, Italy},
  pages      = {1197--1202},
} 

@ARTICLE{Cloutier10TCRA,
  author     = {Cloutier, Robert and Muller, Gerrit and Verma, Dinesh and Nilchiani, Roshanak and Hole, Eirik and Bone, Mary},
  title      = {The Concept of Reference Architectures},
  journal    = {Systems Engineering},
  volume     = {13},
  number     = {1},
  year       = {2010},
  pages      = {14--27},
} 


@ARTICLE{Dagger07SOEP,
  author      = {Dagger, D. and O'Connor, A. and Lawless, S. and Walsh, E. and Wade, V.P.},
  title       = {Service-Oriented e-learning platforms: From monolithic systems to flexible services},
  journal     = {IEEE Internet Computing},
  year        = {2007},
  volume      = {11},
  number      = {3},
  pages       = {28-35},
}

@INPROCEEDINGS{Oliveira11SORA,
  author       = {Lucas Bueno Ruas Oliveira and Elisa Yumi Nakagawa},
  title        = {A Service-oriented Reference Architecture for Software Testing Tools},
  booktitle    = {ECSA'11},
  year         = {2011},
  address      = {Essen, Germany},
  pages        = {405--421},
} 

@INPROCEEDINGS{Oliveira13SAC,
  author    = {Lucas Bueno Ruas Oliveira and Fernando Santos Os\'{o}rio and Elisa Yumi Nakagawa},
  title     = {{An investigation into the development of service-oriented robotic systems}},
  booktitle = {SAC'13},
  year      = {2013},
  address   = {Coimbra, Portugal},   
  pages     = {223-226}
}

@INPROCEEDINGS{Oliveira14ECSA,
  title     = {Towards a Process to Design Architectures of Service-Oriented Robotic Systems},
  author    = {Oliveira, Lucas Bueno Ruas and Leroux, Elena and Felizardo, Katia Romero and Oquendo, Flavio and Nakagawa, Elisa Yumi},
  booktitle = {ECSA'14},
  year      = {2014},
  pages     = {218-225},
  address   = {Vienna, Austria}
}

@INPROCEEDINGS{Oliveira2014SEKE,
  author     = {Lucas Bueno Ruas Oliveira and Fernando Santos Os\'{o}rio and Flavio Oquendo and Elisa Yumi Nakagawa},
  title      = {Towards a Taxonomy of Services for Developing Service-Oriented Robotic Systems},
  year       = {2014},
  booktitle  = {SEKE'14},
  address    = {Vancouver, Canada},
  pages      = {344-349},
}

@ARTICLE{Hughes11MPRM,
  title      = {A middleware platform to support river monitoring using wireless sensor networks},
  author     = {{D. Hughes et al.}},
  journal    = {Journal of the Brazilian Computer Society},
  year       = {2011},
  volume     = {17},
  number     = {2},
  pages      = {85-102},
}

@INPROCEEDINGS{Bowen10SAHT , 
  author     = {Bowen, R.M. and Sahin, F.}, 
  booktitle  = {SoSE'10}, 
  title      = {A net-centric {XML} based system of systems architecture for human tracking}, 
  year       = {2010}, 
  pages      = {1-6},
  address    = {Nanjing, China}, 
}

@BOOK{Bass12SAPRr,
  title      = {Software Architecture in Practice},
  publisher  = {Addison-Wesley},
  year       = {2012},
  series     = {SEI Series in Software Engineering},
  edition    = {3},
  author     = {Len Bass and Paul Clements and Rick Kazman},
}

@BOOK{Clements02ESAR,
  author     = {Paul Clements and R. Kazman and M. Klein},
  title      = {Evaluating Software Architectures: Methods and Case Studies},
  publisher  = {Addison-Wesley},
  year       = {2002},
  series     = {The {SEI} Series in Software Engineering},
  address    = {Boston, MA},
}


@INPROCEEDINGS{Sloane08AGSOA, 
  author    = {Sloane, E. and Beck, R. and Metzger, S.}, 
  booktitle = {SysCon'08}, 
  title     = {{AGSOA - Agile Governance for Service Oriented Architecture (SOA) Systems: A Methodology to Deliver 21st Century Military Net-Centric Systems of Systems}}, 
  year      = {2008},  
  pages     = {1-4}, 
  address   = {Montreal, Canada}
}

@ARTICLE{Jackson07MRDS,
  author      = {Jared Jackson},
  title       = {{M}icrosoft {R}obotics {S}tudio: A Technical Introduction},
  journal     = {IEEE Robotics \& Automation Magazine},
  year        = {2007},
  volume      = {14},
  pages       = {82-87},
  number      = {4},
}

@ARTICLE{Straszheim11ROS,
  author      = {Troy Straszheim and Brian Gerkey and Steve Cousins},
  title       = {The {ROS} Build System},
  journal     = {IEEE Robotics \& Automation Magazine},
  year        = {2011},
  volume      = {18},
  pages       = {18-19},
  number      = {2},
}

@ARTICLE{Papazoglou07VLDB,
  author    = {Mike P. Papazoglou and Willem-Jan Heuvel},
  title     = {Service oriented architectures: approaches, technologies and research issues},
  journal   = {The VLDB Journal},  
  number    = {3},
  pages     = {389--415},
  publisher = {Springer-Verlag},
  volume    = {16},
  year      = {2007}
}

@ARTICLE{Tomatis2011, 
  author     = {Tomatis, N.}, 
  journal    = {IEEE Robotics \& Automation Magazine}, 
  title      = {{BlueBotics}: {N}avigation for the {C}lever {R}obot}, 
  year       = {2011}, 
  volume     = {18}, 
  number     = {2}, 
  pages      = {14-16}, 
}